<record><leader>00000cas a22000007a 4500</leader><controlfield tag="001">24496730</controlfield><controlfield tag="008">911004d189u1uuuaruwr ne      0    0eng d</controlfield><datafield ind1=" " ind2=" " tag="010"><subfield code="a">sn 91050164 </subfield></datafield><datafield ind1=" " ind2=" " tag="040"><subfield code="a">ANU</subfield><subfield code="b">eng</subfield><subfield code="c">ANU</subfield><subfield code="d">OCLCQ</subfield><subfield code="d">OCLCF</subfield><subfield code="d">OCLCO</subfield></datafield><datafield ind1="1" ind2=" " tag="029"><subfield code="a">AU@</subfield><subfield code="b">000025859696</subfield></datafield><datafield ind1=" " ind2=" " tag="042"><subfield code="a">msc</subfield></datafield><datafield ind1=" " ind2=" " tag="043"><subfield code="a">n-us-ar</subfield></datafield><datafield ind1="0" ind2="0" tag="245"><subfield code="a">Arkansas populist.</subfield></datafield><datafield ind1=" " ind2=" " tag="260"><subfield code="a">Searcy, Ark. :</subfield><subfield code="b">[s.n.]</subfield></datafield><datafield ind1=" " ind2=" " tag="300"><subfield code="a">v.</subfield></datafield><datafield ind1=" " ind2=" " tag="310"><subfield code="a">Weekly</subfield></datafield><datafield ind1=" " ind2=" " tag="588"><subfield code="a">Description based on incomplete issue of May 25, 1898.</subfield></datafield><datafield ind1=" " ind2="0" tag="651"><subfield code="a">Searcy (Ark.)</subfield><subfield code="v">Newspapers.</subfield></datafield><datafield ind1=" " ind2="7" tag="655"><subfield code="a">Newspapers.</subfield><subfield code="2">fast</subfield><subfield code="0">(OCoLC)fst01423814</subfield></datafield><datafield ind1=" " ind2="7" tag="651"><subfield code="a">Arkansas</subfield><subfield code="z">Searcy.</subfield><subfield code="2">fast</subfield><subfield code="0">(OCoLC)fst01216829</subfield></datafield><datafield ind1=" " ind2=" " tag="752"><subfield code="a">United States</subfield><subfield code="b">Arkansas</subfield><subfield code="c">White</subfield><subfield code="d">Searcy.</subfield></datafield><datafield ind1="0" ind2="0" tag="785"><subfield code="t">Arkansas banner (Searcy, Ark.)</subfield><subfield code="w">(DLC)sn 91050139</subfield></datafield></record>